@article{2,
    author = {P. Benner and V. Mehrmann. and H. Xu},
    title = {A numerically stable, structure preserving method for computing the eigenvalues of real hamiltonian or symplectic pencils},
    journaltitle = {Numerische Mathematik},
    year = {1998},
    volume = {78},
    number = {3},
    pages = {329--358}
}
@article{3,
    author = {S. Boyd and V. Balakrishnan and P. Kabamba},
    title = {A bisection method for computing the \hinf norm of a transfer matrix and related problems},
    journaltitle = {Mathematics of Control, Signals, and Systems (MCSS)},
    year = {1989},
    volume = {2},
    number = {3},
    pages = {207--219}
}
@article{4,
    author = {NA Bruinsma \& M. Steinbuch},
    title = {A fast algorithm to compute the \hinf norm of a transfer function matrix},
    journaltitle = {Systems \& Control Letters},
    year = {1990},
    volume = {14},
    number = {4},
    pages = {287--293}
}
@book{5,
    author = {B. Datta},
    title = {Numerical methods for linear control systems},
    year = {2003},
    publisher = {Academic Press}
}
@article{7,
    author = {J.C. Doyle and K. Glover and P.P. Khargonekar and B.A. Francis},
    title = {State-space solutions to standard \emph{H$_2$} and \hinf control problems},
    journaltitle = {Automatic Control and IEEE Transactions on},
    year = {1989},
    volume = {34},
    number = {8},
    page = {831--847}
}
@book{15,
    author = {D.J.N. Limebeer and M. Green},
    title = {Linear robust control},
    year = {1995},
    location = {Prentice-Hall, Englewood Clis, NJ}
}
@article{16,
    author = {W.W. Lin, C.S. Wang, and Q.F. Xu},
    title = {On the computation of the optimal \hinf norms for two feedback control problems},
    journaltitle = {Linear Algebra and its Applications},
    year = {1999},
    volume = {287},
    number = {1},
    page = {223--255}
}
@article{23,
    author = {G. Zames},
    title = {Feedback and optimal sensitivity: Model reference transformations, multiplicative seminorms, and approximate inverses},
    journaltitle = {Automatic Control, IEEE Transactions on},
    year = {2000},
    volume = {26},
    number = {2},
    page = {301--320}
}
@book{25,
    author = {K. Zhou and J.C. Doyle and K. Glover et al},
    title = {Robust and optimal control},
    volume = {40},
    year = {1996},
    location = {Prentice Hall Upper Saddle River, NJ}
}